@article{ZNE2017,
  title={Error Mitigation for Short-Depth Quantum Circuits},
  volume={119},
  ISSN={1079-7114},
  url={http://dx.doi.org/10.1103/PhysRevLett.119.180509},
  DOI={10.1103/physrevlett.119.180509},
  number={18},
  journal={Physical Review Letters},
  publisher={American Physical Society (APS)},
  author={Temme, Kristan and Bravyi, Sergey and Gambetta, Jay M.},
  year={2017},
  month=nov
}

@article{UCC2017,
  title={Quantum implementation of the unitary coupled cluster for simulating molecular electronic structure},
  volume={95},
  ISSN={2469-9934},
  url={http://dx.doi.org/10.1103/PhysRevA.95.020501},
  DOI={10.1103/physreva.95.020501},
  number={2},
  journal={Physical Review A},
  publisher={American Physical Society (APS)},
  author={Shen, Yangchao and Zhang, Xiang and Zhang, Shuaining and Zhang, Jing-Ning and Yung, Man-Hong and Kim, Kihwan},
  year={2017},
  month=feb
}

@article{HEA2017,
  title={Hardware-efficient variational quantum eigensolver for small molecules and quantum magnets},
  volume={549},
  ISSN={1476-4687},
  url={http://dx.doi.org/10.1038/nature23879},
  DOI={10.1038/nature23879},
  number={7671},
  journal={Nature},
  publisher={Springer Science and Business Media LLC},
  author={Kandala, Abhinav and Mezzacapo, Antonio and Temme, Kristan and Takita, Maika and Brink, Markus and Chow, Jerry M. and Gambetta, Jay M.},
  year={2017},
  month=sep, pages={242–246}
}

@article{CHC2020,
  title={Hardware efficient quantum algorithms for vibrational structure calculations},
  volume={11},
  ISSN={2041-6539},
  url={http://dx.doi.org/10.1039/d0sc01908a},
  DOI={10.1039/d0sc01908a},
  number={26},
  journal={Chemical Science},
  publisher={Royal Society of Chemistry (RSC)},
  author={Ollitrault, Pauline J. and Baiardi, Alberto and Reiher, Markus and Tavernelli, Ivano},
  year={2020},
  pages={6842–6855}
}

@article{REM2021,
  title={Mitigating measurement errors in multiqubit experiments},
  volume={103},
  ISSN={2469-9934},
  url={http://dx.doi.org/10.1103/PhysRevA.103.042605},
  DOI={10.1103/physreva.103.042605},
  number={4},
  journal={Physical Review A},
  publisher={American Physical Society (APS)},
  author={Bravyi, Sergey and Sheldon, Sarah and Kandala, Abhinav and Mckay, David C. and Gambetta, Jay M.},
  year={2021},
  month=apr
}

@misc{RSEM2022,
  title={Reference-State Error Mitigation: A Strategy for High Accuracy Quantum Computation of Chemistry}, 
  author={Phalgun Lolur and Mårten Skogh and Christopher Warren and Janka Biznárová and Amr Osman and Giovanna Tancredi and Göran Wendin and Jonas Bylander and Martin Rahm},
  year={2022},
  eprint={2203.14756},
  archivePrefix={arXiv},
  primaryClass={quant-ph},
  url={https://arxiv.org/abs/2203.14756}, 
}
