@article{Wang2020,
  title={Expectation Propagation Detector for Extra-Large Scale Massive MIMO},
  volume={19},
  ISSN={1558-2248},
  url={http://dx.doi.org/10.1109/TWC.2019.2961892},
  DOI={10.1109/twc.2019.2961892},
  number={3},
  journal={IEEE Transactions on Wireless Communications},
  publisher={Institute of Electrical and Electronics Engineers (IEEE)},
  author={Wang, Hanqing and Kosasih, Alva and Wen, Chao-Kai and Jin, Shi and Hardjawana, Wibowo},
  year={2020},
  month=mar, pages={2036–2051}
}

@misc{Singh2021,
  title={Ising Machines' Dynamics and Regularization for Near-Optimal Large and Massive MIMO Detection}, 
  author={Abhishek Kumar Singh and Kyle Jamieson and Davide Venturelli and Peter McMahon},
  year={2021},
  eprint={2105.10535},
  archivePrefix={arXiv},
  primaryClass={cs.NI},
  url={https://arxiv.org/abs/2105.10535}, 
}

@article{Goto2021,
  author = {Goto, Hayato and Endo, Kotaro and Suzuki, Masaru and Sakai, Yoshisato and Kanao, Taro and Hamakawa, Yohei and Hidaka, Ryo and Yamasaki, Masaya and Tatsumura, Kosuke},
  year = {2021},
  month = {02},
  pages = {eabe7953},
  title = {High-performance combinatorial optimization based on classical mechanics},
  volume = {7},
  journal = {Science Advances},
  doi = {10.1126/sciadv.abe7953}
}

@misc{Takabe2023,
  title={Deep Unfolded Simulated Bifurcation for Massive MIMO Signal Detection}, 
  author={Satoshi Takabe},
  year={2023},
  eprint={2306.16264},
  archivePrefix={arXiv},
  primaryClass={cs.IT},
  url={https://arxiv.org/abs/2306.16264}, 
}

@article{sionna2022,
  title = {Sionna: An Open-Source Library for Next-Generation Physical Layer Research},
  author = {Hoydis, Jakob and Cammerer, Sebastian and {Ait Aoudia}, Fayçal and Vem, Avinash and Binder, Nikolaus and Marcus, Guillermo and Keller, Alexander},
  year = {2022},
  month = {Mar.},
  journal = {arXiv preprint},
  online = {https://arxiv.org/abs/2203.11854}
}

@misc{mindquantum2021,
  author = {MindQuantum Developer},
  title  = {MindQuantum, version 0.6.0},
  month  = {March},
  year   = {2021},
  url    = {https://gitee.com/mindspore/mindquantum}
}
